%YAML 1.1
%TAG !u! tag:unity3d.com,2011:
--- !u!1 &1063151476661181544
GameObject:
  m_ObjectHideFlags: 0
  m_CorrespondingSourceObject: {fileID: 0}
  m_PrefabInstance: {fileID: 0}
  m_PrefabAsset: {fileID: 0}
  serializedVersion: 6
  m_Component:
  - component: {fileID: 1494561970397209656}
  - component: {fileID: 9054796003650735433}
  - component: {fileID: 1970476899165514718}
  - component: {fileID: 7564105162111528644}
  - component: {fileID: 6719871745726558027}
  - component: {fileID: 5955214023335878728}
  m_Layer: 0
  m_Name: RamEnemy
  m_TagString: Enemy
  m_Icon: {fileID: 0}
  m_NavMeshLayer: 0
  m_StaticEditorFlags: 0
  m_IsActive: 1
--- !u!4 &1494561970397209656
Transform:
  m_ObjectHideFlags: 0
  m_CorrespondingSourceObject: {fileID: 0}
  m_PrefabInstance: {fileID: 0}
  m_PrefabAsset: {fileID: 0}
  m_GameObject: {fileID: 1063151476661181544}
  m_LocalRotation: {x: 0, y: 0, z: 0, w: 1}
  m_LocalPosition: {x: 0, y: 0, z: 0}
  m_LocalScale: {x: 1, y: 1, z: 1}
  m_Children:
  - {fileID: 7462761897831594608}
  m_Father: {fileID: 0}
  m_RootOrder: 0
  m_LocalEulerAnglesHint: {x: 0, y: 0, z: 0}
--- !u!114 &9054796003650735433
MonoBehaviour:
  m_ObjectHideFlags: 0
  m_CorrespondingSourceObject: {fileID: 0}
  m_PrefabInstance: {fileID: 0}
  m_PrefabAsset: {fileID: 0}
  m_GameObject: {fileID: 1063151476661181544}
  m_Enabled: 1
  m_EditorHideFlags: 0
  m_Script: {fileID: 11500000, guid: aa6561c35fad33f4ebd8929dff84b65b, type: 3}
  m_Name: 
  m_EditorClassIdentifier: 
  speed: 5
  target: {fileID: 0}
--- !u!114 &1970476899165514718
MonoBehaviour:
  m_ObjectHideFlags: 0
  m_CorrespondingSourceObject: {fileID: 0}
  m_PrefabInstance: {fileID: 0}
  m_PrefabAsset: {fileID: 0}
  m_GameObject: {fileID: 1063151476661181544}
  m_Enabled: 1
  m_EditorHideFlags: 0
  m_Script: {fileID: 11500000, guid: 0e8ff942fdab6fd4a8f2b784d15f082c, type: 3}
  m_Name: 
  m_EditorClassIdentifier: 
  health: 1
  damageAnimation: {fileID: 3082710849813085572, guid: bb456716bdde36742a3be473901db17b,
    type: 3}
  deathAnimation: {fileID: 4492336760181432824, guid: 2c5aa2fbe61255542bac3b0673cc893a,
    type: 3}
--- !u!65 &7564105162111528644
BoxCollider:
  m_ObjectHideFlags: 0
  m_CorrespondingSourceObject: {fileID: 0}
  m_PrefabInstance: {fileID: 0}
  m_PrefabAsset: {fileID: 0}
  m_GameObject: {fileID: 1063151476661181544}
  m_Material: {fileID: 0}
  m_IsTrigger: 0
  m_Enabled: 1
  serializedVersion: 2
  m_Size: {x: 3.33, y: 3.1, z: 9.92}
  m_Center: {x: 0, y: 0, z: 0}
--- !u!114 &6719871745726558027
MonoBehaviour:
  m_ObjectHideFlags: 0
  m_CorrespondingSourceObject: {fileID: 0}
  m_PrefabInstance: {fileID: 0}
  m_PrefabAsset: {fileID: 0}
  m_GameObject: {fileID: 1063151476661181544}
  m_Enabled: 1
  m_EditorHideFlags: 0
  m_Script: {fileID: 11500000, guid: a2981ea2e99472642aa3d0a920ca2b42, type: 3}
  m_Name: 
  m_EditorClassIdentifier: 
  hitCount: 1
  damage: 1
--- !u!54 &5955214023335878728
Rigidbody:
  m_ObjectHideFlags: 0
  m_CorrespondingSourceObject: {fileID: 0}
  m_PrefabInstance: {fileID: 0}
  m_PrefabAsset: {fileID: 0}
  m_GameObject: {fileID: 1063151476661181544}
  serializedVersion: 2
  m_Mass: 1
  m_Drag: 0
  m_AngularDrag: 0.05
  m_UseGravity: 0
  m_IsKinematic: 0
  m_Interpolate: 0
  m_Constraints: 112
  m_CollisionDetection: 0
--- !u!114 &4462133465679284681
MonoBehaviour:
  m_ObjectHideFlags: 0
  m_CorrespondingSourceObject: {fileID: 0}
  m_PrefabInstance: {fileID: 0}
  m_PrefabAsset: {fileID: 0}
  m_GameObject: {fileID: 1697218519338055695}
  m_Enabled: 1
  m_EditorHideFlags: 0
  m_Script: {fileID: 11500000, guid: ef689e5c64a3bf84e91c6a880ec075b2, type: 3}
  m_Name: 
  m_EditorClassIdentifier: 
  speed: 200
  RotateXAxis: 0
  RotateYAxis: 1
  RotateZAxis: 0
--- !u!114 &2993553792905901571
MonoBehaviour:
  m_ObjectHideFlags: 0
  m_CorrespondingSourceObject: {fileID: 0}
  m_PrefabInstance: {fileID: 0}
  m_PrefabAsset: {fileID: 0}
  m_GameObject: {fileID: 2066776652026276653}
  m_Enabled: 1
  m_EditorHideFlags: 0
  m_Script: {fileID: 11500000, guid: ef689e5c64a3bf84e91c6a880ec075b2, type: 3}
  m_Name: 
  m_EditorClassIdentifier: 
  speed: -200
  RotateXAxis: 0
  RotateYAxis: 1
  RotateZAxis: 0
--- !u!114 &7645451111190809933
MonoBehaviour:
  m_ObjectHideFlags: 0
  m_CorrespondingSourceObject: {fileID: 0}
  m_PrefabInstance: {fileID: 0}
  m_PrefabAsset: {fileID: 0}
  m_GameObject: {fileID: 2581107691688100858}
  m_Enabled: 1
  m_EditorHideFlags: 0
  m_Script: {fileID: 11500000, guid: ef689e5c64a3bf84e91c6a880ec075b2, type: 3}
  m_Name: 
  m_EditorClassIdentifier: 
  speed: -200
  RotateXAxis: 0
  RotateYAxis: 1
  RotateZAxis: 0
--- !u!114 &5769176972141371198
MonoBehaviour:
  m_ObjectHideFlags: 0
  m_CorrespondingSourceObject: {fileID: 0}
  m_PrefabInstance: {fileID: 0}
  m_PrefabAsset: {fileID: 0}
  m_GameObject: {fileID: 3310424686464839167}
  m_Enabled: 1
  m_EditorHideFlags: 0
  m_Script: {fileID: 11500000, guid: ef689e5c64a3bf84e91c6a880ec075b2, type: 3}
  m_Name: 
  m_EditorClassIdentifier: 
  speed: 250
  RotateXAxis: 0
  RotateYAxis: 1
  RotateZAxis: 0
--- !u!114 &7578433544910541699
MonoBehaviour:
  m_ObjectHideFlags: 0
  m_CorrespondingSourceObject: {fileID: 0}
  m_PrefabInstance: {fileID: 0}
  m_PrefabAsset: {fileID: 0}
  m_GameObject: {fileID: 5866262624684869080}
  m_Enabled: 1
  m_EditorHideFlags: 0
  m_Script: {fileID: 11500000, guid: ef689e5c64a3bf84e91c6a880ec075b2, type: 3}
  m_Name: 
  m_EditorClassIdentifier: 
  speed: 200
  RotateXAxis: 0
  RotateYAxis: 1
  RotateZAxis: 0
--- !u!1001 &2516310041528357226
PrefabInstance:
  m_ObjectHideFlags: 0
  serializedVersion: 2
  m_Modification:
    m_TransformParent: {fileID: 1494561970397209656}
    m_Modifications:
    - target: {fileID: -4216859302048453862, guid: 2041beb5e1048fe45a97f17b68824cd5,
        type: 3}
      propertyPath: m_LocalPosition.x
      value: 0
      objectReference: {fileID: 0}
    - target: {fileID: -4216859302048453862, guid: 2041beb5e1048fe45a97f17b68824cd5,
        type: 3}
      propertyPath: m_LocalPosition.y
      value: 0
      objectReference: {fileID: 0}
    - target: {fileID: -4216859302048453862, guid: 2041beb5e1048fe45a97f17b68824cd5,
        type: 3}
      propertyPath: m_LocalPosition.z
      value: 0
      objectReference: {fileID: 0}
    - target: {fileID: -4216859302048453862, guid: 2041beb5e1048fe45a97f17b68824cd5,
        type: 3}
      propertyPath: m_LocalRotation.x
      value: 0
      objectReference: {fileID: 0}
    - target: {fileID: -4216859302048453862, guid: 2041beb5e1048fe45a97f17b68824cd5,
        type: 3}
      propertyPath: m_LocalRotation.y
      value: 0
      objectReference: {fileID: 0}
    - target: {fileID: -4216859302048453862, guid: 2041beb5e1048fe45a97f17b68824cd5,
        type: 3}
      propertyPath: m_LocalRotation.z
      value: 0
      objectReference: {fileID: 0}
    - target: {fileID: -4216859302048453862, guid: 2041beb5e1048fe45a97f17b68824cd5,
        type: 3}
      propertyPath: m_LocalRotation.w
      value: 1
      objectReference: {fileID: 0}
    - target: {fileID: -4216859302048453862, guid: 2041beb5e1048fe45a97f17b68824cd5,
        type: 3}
      propertyPath: m_RootOrder
      value: 0
      objectReference: {fileID: 0}
    - target: {fileID: -4216859302048453862, guid: 2041beb5e1048fe45a97f17b68824cd5,
        type: 3}
      propertyPath: m_LocalEulerAnglesHint.x
      value: 0
      objectReference: {fileID: 0}
    - target: {fileID: -4216859302048453862, guid: 2041beb5e1048fe45a97f17b68824cd5,
        type: 3}
      propertyPath: m_LocalEulerAnglesHint.y
      value: 0
      objectReference: {fileID: 0}
    - target: {fileID: -4216859302048453862, guid: 2041beb5e1048fe45a97f17b68824cd5,
        type: 3}
      propertyPath: m_LocalEulerAnglesHint.z
      value: 0
      objectReference: {fileID: 0}
    - target: {fileID: -4216859302048453862, guid: 2041beb5e1048fe45a97f17b68824cd5,
        type: 3}
      propertyPath: m_LocalScale.x
      value: 0.2
      objectReference: {fileID: 0}
    - target: {fileID: -4216859302048453862, guid: 2041beb5e1048fe45a97f17b68824cd5,
        type: 3}
      propertyPath: m_LocalScale.y
      value: 0.2
      objectReference: {fileID: 0}
    - target: {fileID: -4216859302048453862, guid: 2041beb5e1048fe45a97f17b68824cd5,
        type: 3}
      propertyPath: m_LocalScale.z
      value: 0.2
      objectReference: {fileID: 0}
    - target: {fileID: -927199367670048503, guid: 2041beb5e1048fe45a97f17b68824cd5,
        type: 3}
      propertyPath: m_Name
      value: Desserto-Nave-new
      objectReference: {fileID: 0}
    - target: {fileID: -927199367670048503, guid: 2041beb5e1048fe45a97f17b68824cd5,
        type: 3}
      propertyPath: m_TagString
      value: Enemy
      objectReference: {fileID: 0}
    m_RemovedComponents: []
  m_SourcePrefab: {fileID: 100100000, guid: 2041beb5e1048fe45a97f17b68824cd5, type: 3}
--- !u!4 &7462761897831594608 stripped
Transform:
  m_CorrespondingSourceObject: {fileID: -4216859302048453862, guid: 2041beb5e1048fe45a97f17b68824cd5,
    type: 3}
  m_PrefabInstance: {fileID: 2516310041528357226}
  m_PrefabAsset: {fileID: 0}
--- !u!1 &3310424686464839167 stripped
GameObject:
  m_CorrespondingSourceObject: {fileID: -8134830167359980395, guid: 2041beb5e1048fe45a97f17b68824cd5,
    type: 3}
  m_PrefabInstance: {fileID: 2516310041528357226}
  m_PrefabAsset: {fileID: 0}
--- !u!1 &2066776652026276653 stripped
GameObject:
  m_CorrespondingSourceObject: {fileID: 4487011075125099079, guid: 2041beb5e1048fe45a97f17b68824cd5,
    type: 3}
  m_PrefabInstance: {fileID: 2516310041528357226}
  m_PrefabAsset: {fileID: 0}
--- !u!1 &2581107691688100858 stripped
GameObject:
  m_CorrespondingSourceObject: {fileID: -9134895007657700720, guid: 2041beb5e1048fe45a97f17b68824cd5,
    type: 3}
  m_PrefabInstance: {fileID: 2516310041528357226}
  m_PrefabAsset: {fileID: 0}
--- !u!1 &5866262624684869080 stripped
GameObject:
  m_CorrespondingSourceObject: {fileID: 8323386998093370546, guid: 2041beb5e1048fe45a97f17b68824cd5,
    type: 3}
  m_PrefabInstance: {fileID: 2516310041528357226}
  m_PrefabAsset: {fileID: 0}
--- !u!1 &1697218519338055695 stripped
GameObject:
  m_CorrespondingSourceObject: {fileID: -5375607014152984219, guid: 2041beb5e1048fe45a97f17b68824cd5,
    type: 3}
  m_PrefabInstance: {fileID: 2516310041528357226}
  m_PrefabAsset: {fileID: 0}
